@INPROCEEDINGS{brown:99,
    author = {Ralf D. Brown},
    title = {Adding Linguistic Knowledge to a Lexical Example-based Translation System},
    booktitle = {In Proceedings of the Eighth International Conference on Theoretical and Methodological Issues in Machine Translation (TMI-99)},
    year = {1999},
    pages = {22--32}
}

@Inbook{ebmtbook,
  editor="Carl, Michael and Way, Andy",
  title="Recent Advances in Example-Based Machine Translation",
  year="2003",
  publisher="Springer Netherlands",
  address="Dordrecht",
  isbn="978-94-010-0181-6",
  doi="10.1007/978-94-010-0181-6_12",
  url="http://dx.doi.org/10.1007/978-94-010-0181-6_12"
}

@inproceedings{wit3,
        Address = {Trento, Italy},
        Author = {Mauro Cettolo and Christian Girardi and Marcello Federico},
        Booktitle = {Proceedings of the 16$^{th}$ Conference of the European Association for Machine Translation (EAMT)},
        Date = {28-30},
        Month = {May},
        Pages = {261--268},
        Title = {WIT$^3$: Web Inventory of Transcribed and Translated Talks},
        Year = {2012}
}

@inproceedings{segmenter:2008,
 author = {Chang, Pi-Chuan and Galley, Michel and Manning, Christopher D.},
 title = {Optimizing Chinese Word Segmentation for Machine Translation Performance},
 booktitle = {Proceedings of the Third Workshop on Statistical Machine Translation},
 series = {StatMT '08},
 year = {2008},
 isbn = {978-1-932432-09-1},
 location = {Columbus, Ohio},
 pages = {224--232},
 numpages = {9},
 url = {http://dl.acm.org/citation.cfm?id=1626394.1626430},
 acmid = {1626430},
 publisher = {Association for Computational Linguistics},
 address = {Stroudsburg, PA, USA},
} 

@INPROCEEDINGS{bengio:2014,
     author = {Cho, Kyunghyun and Van Merri{\"{e}}nboer, Bart and G{\"{u}}l{\c c}ehre, {\c C}aglar and Bahdanau, Dzmitry and Bougares, Fethi and Schwenk, Holger and Bengio, Yoshua},
      month = oct,
      title = {Learning Phrase Representations using RNN Encoder--Decoder for Statistical Machine Translation},
  booktitle = {Proceedings of the 2014 Conference on Empirical Methods in Natural Language Processing (EMNLP)},
       year = {2014},
      pages = {1724--1734},
  publisher = {Association for Computational Linguistics},
    address = {Doha, Qatar},
        url = {http://www.aclweb.org/anthology/D14-1179}
}

@article{collobert:2011,
  author    = {Ronan Collobert and
               Jason Weston and
               L{\'{e}}on Bottou and
               Michael Karlen and
               Koray Kavukcuoglu and
               Pavel P. Kuksa},
  title     = {Natural Language Processing (almost) from Scratch},
  journal   = {Journal of Machine Learning Research},
  volume    = {12},
  year      = {2011},
  pages     = {2493--2537}
  url       = {http://jmlr.org/papers/v12/collobert11a.html},
}

@article{hutchins:2005,
    author = { John Hutchins },
    title = { The History of Machine Translation in a Nutshell },
    url = { http://www.hutchinsweb.me.uk/Nutshell-2005.pdf },
    year = { 2005 }
}
 

@InProceedings{moses,
  author    = {Koehn, Philipp  and  Hoang, Hieu  and  Birch, Alexandra  and  Callison-Burch, Chris  and  Federico, Marcello  and  Bertoldi, Nicola  and  Cowan, Brooke  and  Shen, Wade  and  Moran, Christine  and  Zens, Richard  and  Dyer, Chris  and  Bojar, Ondrej  and  Constantin, Alexandra  and  Herbst, Evan},
  title     = {Moses: Open Source Toolkit for Statistical Machine Translation},
  booktitle = {Proceedings of the 45th Annual Meeting of the Association for Computational Linguistics Companion Volume Proceedings of the Demo and Poster Sessions},
  month     = {June},
  year      = {2007},
  address   = {Prague, Czech Republic},
  publisher = {Association for Computational Linguistics},
  pages     = {177--180},
  url       = {http://www.aclweb.org/anthology/P07-2045}
}

@InProceedings{och:98,
  author =	 {Franz Josef Och},
  title =	 { An Efficient Method for Determining Bilingual Word Classes },
  pages =	 {71-76},
  booktitle= "Ninth Conference of the European Chapter of the Association for Computational Linguistics (EACL'99)",
  month = {June},
  year =	 {1999},
  address =	 {Bergen, Norway},
  url =		 {http://www.aclweb.org/anthology/E99-1010.pdf}
}

@inproceedings{sutskever:2014,
  author    = {Ilya Sutskever and
               Oriol Vinyals and
               Quoc V. Le},
  title     = {Sequence to Sequence Learning with Neural Networks},
  booktitle = {Advances in Neural Information Processing Systems 27: Annual Conference
               on Neural Information Processing Systems 2014, December 8-13 2014,
               Montreal, Quebec, Canada},
  pages     = {3104--3112},
  year      = {2014},
  crossref  = {DBLP:conf/nips/2014},
  url       = {http://papers.nips.cc/paper/5346-sequence-to-sequence-learning-with-neural-networks},
  timestamp = {Wed, 10 Dec 2014 21:34:12 +0100},
  biburl    = {http://dblp.uni-trier.de/rec/bib/conf/nips/SutskeverVL14},
  bibsource = {dblp computer science bibliography, http://dblp.org}
}

@InProceedings{postagger:2003,
  author = {Kristina Toutanova and Dan Klein and Christopher Manning and Yoram Singer},
  title = {Feature-Rich Part-of-Speech Tagging with a Cyclic Dependency Network}, 
  booktitle = {Proceedings of HLT-NAACL 2003},
  pages = {252--259},
  url          = {http://research.microsoft.com/apps/pubs/default.aspx?id=102517},
  year         = {2003}
}

@InProceedings{segmenter:2005,
  author    = {Huihsin Tseng and Pichuan Chang and Galen Andrew and Daniel Jurafsky and Christopher Manning},
  title     = {A Conditional Random Field Word Segmenter for Sighan Bakeoff 2005},
  booktitle = {Proceedings of the Fourth SIGHAN Workshop on Chinese Language Processing},
  month     = {October},
  year      = {2005},
  address   = {Jeju Island, Korea},
  publisher = {Association for Computational Linguistics},
  pages     = {168--171},
  url       = {http://www.aclweb.org/anthology/I/I05/I05-3027.pdf}
}